\begin{comment}
For Section 1: Tabu Search Scheduling, A. Introduction
\end{comment}
@inbook{Barnes1995,
  author    = {J.W. Barnes and M. Laguna and F. Glover},
  title     = {An Overview of Tabu Search Approaches to Production Scheduling Problems},
  booktitle = {Intelligent Scheduling Systems},
  series    = {Operations Research / Computer Science Interfaces Series},
  volume    = {3},
  publisher = {Springer},
  year      = {1995},
  doi       = {10.1007/978-1-4615-2263-8_5},
}

\begin{comment}
For Section 1: Tabu Search Scheduling, A. Introduction
\end{comment}
@article{glover1995genetic,
  title={Genetic Algorithms and Tabu Search: Hybrids for Optimization},
  author={Glover, Fred and Kelly, James P. and Laguna, Manuel},
  journal={Computers \& Operations Research},
  volume={22},
  number={1},
  pages={111--134},
  year={1995},
}

\begin{comment}
For Section 1: Tabu Search Scheduling, B. Definition
\end{comment}
@article{hanafi2001convergence,
  title={On the Convergence of Tabu Search},
  author={Hanafi, Sa{\"i}d},
  journal={Journal of Heuristics},
  volume={7},
  pages={47--58},
  year={2001},
}

\begin{comment}
For Section 1: Tabu Search Scheduling, C. Main Strategies
\end{comment}
@article{article,
author = {Glover, Fred},
year = {1990},
month = {08},
pages = {74-94},
title = {Tabu Search: A Tutorial},
volume = {20},
journal = {Interfaces},
doi = {10.1287/inte.20.4.74}
}

\begin{comment}
For Section 1: Tabu Search Scheduling, D. Aspiration Criteria
\end{comment}
@book{hillier2005introduction,
  title={Introduction to Operations Research},
  author={Hillier, Frederick S. and Lieberman, Gerald J.},
  year={2005},
  edition={8th},
  publisher={McGraw-Hill},
  address={New York, NY},
}

\begin{comment}
For Section 1: Tabu Search Scheduling, D. Aspiration Criteria
\end{comment}
@article{ji2004global,
  title={Global Optimizations and Tabu Search Based on Memory},
  author={Ji, Mingwu and Tang, Hui},
  journal={Applied Mathematics and Computation},
  volume={159},
  pages={449--457},
  year={2004},
}

\begin{comment}
For Section 1: Tabu Search Scheduling, D. Aspiration Criteria
\end{comment}
@book{reeves1993modern,
  title={Modern Heuristic Techniques for Combinatorial Problems},
  author={Reeves, Colin R.},
  year={1993},
  publisher={John Wiley \& Sons, Inc.},
}

\begin{comment}
For Section 2: Relation to High Level Synthesis
\end{comment}
@book{pham2000intelligent,
  title={Intelligent Optimisation Techniques--Genetic Algorithms, Tabu Search, Simulated Annealing and Neural Networks},
  author={Pham, Duc Truong and Karaboga, Dervis},
  year={2000},
  publisher={Springer-Verlag},
  address={London},
}

\begin{comment}
For Section 3: Applications, A. Vehicle Routing Problem (VRP)
\end{comment}
@article{gendreau1994tabu,
  title={A tabu search heuristic for the vehicle routing problem},
  author={Gendreau, Michel and Hertz, Alain and Laporte, Gilbert},
  journal={Management science},
  volume={40},
  number={10},
  pages={1276--1290},
  year={1994},
  publisher={INFORMS}
}

\begin{comment}
For Section 3: Applications, B. Job Shop Scheduling
\end{comment}
@article{nowicki1996fast,
  title={A fast taboo search algorithm for the job shop problem},
  author={Nowicki, Eugeniusz and Smutnicki, Czeslaw},
  journal={Management science},
  volume={42},
  number={6},
  pages={797--813},
  year={1996},
  publisher={INFORMS}
}

\begin{comment}
For Section 3: Applications, C. Network Design
\end{comment}
@article{crainic1998simplex,
  title={A simplex-based tabu search method for capacitated network design},
  author={Crainic, Teodor Gabriel and Gendron, Bernard and Farvolden, John M},
  journal={INFORMS Journal on Computing},
  volume={10},
  number={3},
  pages={341--353},
  year={1998},
  publisher={INFORMS}
}

\begin{comment}
For Section 3: Applications, D. Feature Selection in Machine Learning
\end{comment}
@article{garcia2010advanced,
  title={Advanced nonparametric tests for multiple comparisons in the design of experiments in computational intelligence and data mining: Experimental analysis of power},
  author={Garc{\'\i}a, Salvador and Fern{\'a}ndez, Alberto and Luengo, Juli{\'a}n and Herrera, Francisco},
  journal={Information Sciences},
  volume={180},
  number={10},
  pages={2044--2064},
  year={2010},
  publisher={Elsevier}
}

\begin{comment}
For Section 5: Evaluation
\end{comment}
@article{ieeexplore2020,
  title={Comprehensive Survey on Tabu Search Algorithms (TSA)},
  journal={IEEE Xplore},
  year={2020},
  url={https://ieeexplore.ieee.org/document/9091743},
  note={Accessed: 05/06/2023}
}

\begin{comment}
For Section 5: Evaluation
\end{comment}
@book{glover1997tabu,
  title={Tabu Search},
  author={Glover, Fred and Laguna, Manuel},
  year={1997},
  publisher={Kluwer Academic Publishers},
  address={Norwell, MA},
}